
@misc{adam-melrod,
title = {Person: Adam Melrod},
author = {Anonymous},


}


@misc{connor-lockhart,
title = {Person: Connor Lockhart},
author = {Anonymous},


}


@misc{mon-0001,
title = {The Monster},
author = {Adam Melrod and Connor Lockhart},


}


@misc{mon-0002,
title = {Theorem: characterizations of NIP for a formula},
author = {Adam Melrod},


}


@misc{mon-0003,
title = {Section: NIP Theories},
author = {Adam Melrod},


}


@misc{mon-0006,
title = {Part: dividing lines},
author = {Adam Melrod},


}


@misc{mon-0007,
title = {Definition: Alternation Number},
author = {Adam Melrod},


}


@misc{mon-0008,
title = {Lemma: Alternation Lemma},
author = {Adam Melrod},


}


@misc{mon-d004,
title = {Definition: Definition of the independence property},
author = {Adam Melrod},


}


@misc{mon-d005,
title = {Definition: definition of NIP},
author = {Adam Melrod},


}

